%从网页粘贴而来的代码大致形式与下面的相同
%！！！请注意！！！你需要修改第一行大括号到逗号之间的内容
%例如我会在文中首先用到第一个参考文献，那么我就将之标识为“r1”
%在文中引用时即用\cite{r1}来引用

@article{r1,
  title={非线性地球物理反演方法:回顾与展望},
  author={杨文采},
  journal={地球物理学进展},
  volume={17},
  number={2},
  pages={255-261},
  year={2002},
}



@article{r2,
  title={地球物理勘查技术与应用研究},
  author={袁桂琴 and 熊盛青 and 孟庆敏 and 周锡华 and 林品荣 and 王书民 and 高文利 and 徐明才 and 史大年 and 李秋生},
  journal={地质学报},
  number={11},
  pages={1744-1805},
  year={2011},
}



@article{r3,
  title={评地球物理反演的发展趋向},
  author={杨文采},
  journal={地学前缘},
  number={04},
  pages={389-396},
  year={2002},
}



@article{r4,
  title={The Nature of Human Values},
  author={ Weigert, A. J.  and  Rokeach, Milton },
  journal={Journal for the entific Study of Religion},
  volume={14},
  number={2},
  pages={198},
  year={1975},
}




@article{r5,
  title={The Cascade-Correlation Learning Architecture},
  author={ Fahlman, S. E.  and  Lebiere, C. },
  journal={Advances in neural information processing systems},
  volume={2},
  number={6},
  pages={524--532},
  year={1997},
}
